<record><leader>00000cas a2200000 a 4500</leader><controlfield tag="001">13179677</controlfield><controlfield tag="008">860221d19051969couwr ne      0    0eng d</controlfield><datafield ind1=" " ind2=" " tag="010"><subfield code="a">sn 86063148 </subfield></datafield><datafield ind1=" " ind2=" " tag="040"><subfield code="a">KSH</subfield><subfield code="b">eng</subfield><subfield code="c">KSH</subfield><subfield code="d">NPT</subfield><subfield code="d">CNQ</subfield><subfield code="d">OCL</subfield><subfield code="d">OCLCQ</subfield></datafield><datafield ind1=" " ind2=" " tag="042"><subfield code="a">msc</subfield></datafield><datafield ind1="0" ind2="4" tag="245"><subfield code="a">The Hotchkiss herald.</subfield></datafield><datafield ind1=" " ind2=" " tag="260"><subfield code="a">Hotchkiss, Colo. :</subfield><subfield code="b">Bacon &amp; Perry</subfield></datafield><datafield ind1=" " ind2=" " tag="300"><subfield code="a">v.</subfield></datafield><datafield ind1=" " ind2=" " tag="310"><subfield code="a">Weekly,</subfield><subfield code="b">Mar. 10, 1924-May 15, 1969</subfield></datafield><datafield ind1=" " ind2=" " tag="321"><subfield code="a">Weekly,</subfield><subfield code="b">Nov. 3, 1905-Jan. 3, 1924</subfield></datafield><datafield ind1=" " ind2=" " tag="321"><subfield code="a">Semiweekly,</subfield><subfield code="b">Jan. 6, 1924-Feb. 28, 1924</subfield></datafield><datafield ind1="0" ind2=" " tag="362"><subfield code="a">Vol. 1, no. 1 (Nov. 3, 1905)-v. 58, no. 12 (May 15, 1969).</subfield></datafield><datafield ind1=" " ind2=" " tag="515"><subfield code="a">Numbering is irregular.</subfield></datafield><datafield ind1=" " ind2=" " tag="530"><subfield code="a">Available on microfilm from the Colorado Historical Society.</subfield></datafield><datafield ind1=" " ind2=" " tag="752"><subfield code="a">United States</subfield><subfield code="b">Colorado</subfield><subfield code="c">Delta</subfield><subfield code="d">Hotchkiss.</subfield></datafield><datafield ind1="0" ind2="7" tag="785"><subfield code="t">Crawford chronicle</subfield><subfield code="w">(DLC)sn 90051086</subfield></datafield><datafield ind1="0" ind2="7" tag="785"><subfield code="t">North Fork herald-chronicle</subfield><subfield code="w">(DLC)sn 91052106</subfield></datafield><datafield ind1="1" ind2=" " tag="029"><subfield code="a">AU@</subfield><subfield code="b">000022167268</subfield></datafield></record>